%  a sample bibliography file
%  

@article{small,
author = {Freely, I.P.},
title = {A small paper},
journal = {The journal of small papers},
year = 1997,
volume = {-1},
note = {to appear},
}

@misc{wiki:Tree_(graph_theory),
   author = "Wikipedia",
   title = "{Tree (graph theory)} --- {W}ikipedia{,} The Free Encyclopedia",
   year = "2019",
   howpublished = {\url{http://en.wikipedia.org/w/index.php?title=Tree\%20(graph\%20theory)&oldid=883778328}},
   note = "[Online; accessed 04-March-2019]"
 }

@article{big,
author = {Jass, Hugh},
title = {A big paper},
journal = {The journal of big papers},
year = 7991,
volume = {MCMXCVII},
}

%  The authors mentioned here are almost, but not quite,
%  entirely unrelated to Matt Groening.
