@book{Cormen:2009:IAT:1614191,
 author = {Cormen, Thomas H. and Leiserson, Charles E. and Rivest, Ronald L. and Stein, Clifford},
 title = {Introduction to Algorithms, Third Edition},
 year = {2009},
 isbn = {0262033844, 9780262033848},
 edition = {3rd},
 publisher = {The MIT Press},
}

@misc{wiki:Tree,
   author = "Wikipedia",
   title = "{Tree (graph theory)} --- {W}ikipedia{,} The Free Encyclopedia",
   year = "2019",
   howpublished = {\url{http://en.wikipedia.org/w/index.php?title=Tree\%20(graph\%20theory)&oldid=883778328}},
   note = "[Online; accessed 04-March-2019]",
 }
 
 @misc{wiki:TriParTas,
   author = "Wikipedia",
   title = "{Tri par tas} --- {W}ikipedia{,} The Free Encyclopedia",
   year = "2019",
   howpublished = {\url{ https://fr.wikipedia.org/wiki/Tri_par_tas }},
   note = "[Online; accessed 16-March-2019]",
 }
 
 @book{Stanley:2011:ECV:2124415,
 author = {Stanley, Richard P.},
 title = {Enumerative Combinatorics: Volume 1},
 year = {2011},
 isbn = {1107602629, 9781107602625},
 edition = {2nd},
 publisher = {Cambridge University Press},
 address = {New York, NY, USA},
}

@misc{Vincent,
author = "Vincent, Jean-Marc",
title = {Heapsort},
howpublished={\url{http://mescal.imag.fr/membres/jean-marc.vincent/index.html/ProTer/Algorithmes-Classiques/Heapsort.pdf}}
}

@misc{Hauteur,
author = "Luc Devroye, Bruce Reed",
title = {On the variance of the height of random binary search trees},
howpublished={\url{https://pdfs.semanticscholar.org/ba5d/51962a444d5611c50612d5f07c1c8e1f33b1.pdf}}
}
